%YAML 1.1
%TAG !u! tag:unity3d.com,2011:
--- !u!1 &100008
GameObject:
  m_ObjectHideFlags: 0
  m_PrefabParentObject: {fileID: 0}
  m_PrefabInternal: {fileID: 100100000}
  serializedVersion: 4
  m_Component:
  - 4: {fileID: 400008}
  - 64: {fileID: 6400000}
  m_Layer: 0
  m_Name: PE
  m_TagString: Platform
  m_Icon: {fileID: 0}
  m_NavMeshLayer: 0
  m_StaticEditorFlags: 0
  m_IsActive: 1
--- !u!1 &140888
GameObject:
  m_ObjectHideFlags: 0
  m_PrefabParentObject: {fileID: 0}
  m_PrefabInternal: {fileID: 100100000}
  serializedVersion: 4
  m_Component:
  - 4: {fileID: 440888}
  - 33: {fileID: 3340888}
  - 23: {fileID: 2340888}
  m_Layer: 0
  m_Name: Platform-Outside-Center_
  m_TagString: Untagged
  m_Icon: {fileID: 0}
  m_NavMeshLayer: 0
  m_StaticEditorFlags: 0
  m_IsActive: 1
--- !u!1 &140890
GameObject:
  m_ObjectHideFlags: 0
  m_PrefabParentObject: {fileID: 0}
  m_PrefabInternal: {fileID: 100100000}
  serializedVersion: 4
  m_Component:
  - 4: {fileID: 440890}
  - 33: {fileID: 3340890}
  - 23: {fileID: 2340890}
  m_Layer: 0
  m_Name: Platform-Outside-Corridor_1
  m_TagString: Untagged
  m_Icon: {fileID: 0}
  m_NavMeshLayer: 0
  m_StaticEditorFlags: 0
  m_IsActive: 1
--- !u!1 &140892
GameObject:
  m_ObjectHideFlags: 0
  m_PrefabParentObject: {fileID: 0}
  m_PrefabInternal: {fileID: 100100000}
  serializedVersion: 4
  m_Component:
  - 4: {fileID: 440892}
  - 33: {fileID: 3340892}
  - 23: {fileID: 2340892}
  m_Layer: 0
  m_Name: Platform-Outside-Corridor_2
  m_TagString: Untagged
  m_Icon: {fileID: 0}
  m_NavMeshLayer: 0
  m_StaticEditorFlags: 0
  m_IsActive: 1
--- !u!1 &140894
GameObject:
  m_ObjectHideFlags: 0
  m_PrefabParentObject: {fileID: 0}
  m_PrefabInternal: {fileID: 100100000}
  serializedVersion: 4
  m_Component:
  - 4: {fileID: 440894}
  - 33: {fileID: 3340894}
  - 23: {fileID: 2340894}
  m_Layer: 0
  m_Name: Platform-Outside-Corridor_3
  m_TagString: Untagged
  m_Icon: {fileID: 0}
  m_NavMeshLayer: 0
  m_StaticEditorFlags: 0
  m_IsActive: 1
--- !u!4 &400008
Transform:
  m_ObjectHideFlags: 1
  m_PrefabParentObject: {fileID: 0}
  m_PrefabInternal: {fileID: 100100000}
  m_GameObject: {fileID: 100008}
  m_LocalRotation: {x: 0, y: 0, z: 0, w: 1}
  m_LocalPosition: {x: 1169.30005, y: -389.399994, z: -2609.5}
  m_LocalScale: {x: .0109999999, y: .0109999999, z: .0109999999}
  m_Children:
  - {fileID: 440890}
  - {fileID: 440892}
  - {fileID: 440894}
  - {fileID: 440888}
  m_Father: {fileID: 0}
  m_RootOrder: 0
--- !u!4 &440888
Transform:
  m_ObjectHideFlags: 1
  m_PrefabParentObject: {fileID: 0}
  m_PrefabInternal: {fileID: 100100000}
  m_GameObject: {fileID: 140888}
  m_LocalRotation: {x: 0, y: 0, z: 0, w: 1}
  m_LocalPosition: {x: 0, y: 0, z: 0}
  m_LocalScale: {x: .909090877, y: .909090877, z: .909090877}
  m_Children: []
  m_Father: {fileID: 400008}
  m_RootOrder: 3
--- !u!4 &440890
Transform:
  m_ObjectHideFlags: 1
  m_PrefabParentObject: {fileID: 0}
  m_PrefabInternal: {fileID: 100100000}
  m_GameObject: {fileID: 140890}
  m_LocalRotation: {x: -5.9324622e-36, y: 2.93373356e-18, z: 2.98513006e-17, w: 1}
  m_LocalPosition: {x: 0, y: -810.960205, z: -48.5395927}
  m_LocalScale: {x: .909090877, y: .909090877, z: .909090877}
  m_Children: []
  m_Father: {fileID: 400008}
  m_RootOrder: 0
--- !u!4 &440892
Transform:
  m_ObjectHideFlags: 1
  m_PrefabParentObject: {fileID: 0}
  m_PrefabInternal: {fileID: 100100000}
  m_GameObject: {fileID: 140892}
  m_LocalRotation: {x: 2.54068815e-18, y: 0, z: .866025507, w: -.49999997}
  m_LocalPosition: {x: -702.31488, y: 405.478729, z: -48.5395927}
  m_LocalScale: {x: .909090936, y: .909090936, z: .909090877}
  m_Children: []
  m_Father: {fileID: 400008}
  m_RootOrder: 1
--- !u!4 &440894
Transform:
  m_ObjectHideFlags: 1
  m_PrefabParentObject: {fileID: 0}
  m_PrefabInternal: {fileID: 100100000}
  m_GameObject: {fileID: 140894}
  m_LocalRotation: {x: 2.54068815e-18, y: 0, z: .866025507, w: .49999997}
  m_LocalPosition: {x: 702.31488, y: 405.478729, z: -48.5395927}
  m_LocalScale: {x: .909090936, y: .909090936, z: .909090877}
  m_Children: []
  m_Father: {fileID: 400008}
  m_RootOrder: 2
--- !u!23 &2340888
Renderer:
  m_ObjectHideFlags: 1
  m_PrefabParentObject: {fileID: 0}
  m_PrefabInternal: {fileID: 100100000}
  m_GameObject: {fileID: 140888}
  m_Enabled: 0
  m_CastShadows: 1
  m_ReceiveShadows: 1
  m_LightmapIndex: 255
  m_LightmapTilingOffset: {x: 1, y: 1, z: 0, w: 0}
  m_Materials:
  - {fileID: 2100000, guid: df281bf6419fe724abce287d621f5957, type: 2}
  - {fileID: 2100000, guid: 20f3cc6eacbaf5c4e8302a1072899416, type: 2}
  m_SubsetIndices: 
  m_StaticBatchRoot: {fileID: 0}
  m_UseLightProbes: 0
  m_LightProbeAnchor: {fileID: 0}
  m_ScaleInLightmap: 1
  m_SortingLayerID: 0
  m_SortingOrder: 0
--- !u!23 &2340890
Renderer:
  m_ObjectHideFlags: 1
  m_PrefabParentObject: {fileID: 0}
  m_PrefabInternal: {fileID: 100100000}
  m_GameObject: {fileID: 140890}
  m_Enabled: 0
  m_CastShadows: 1
  m_ReceiveShadows: 1
  m_LightmapIndex: 255
  m_LightmapTilingOffset: {x: 1, y: 1, z: 0, w: 0}
  m_Materials:
  - {fileID: 2100000, guid: df281bf6419fe724abce287d621f5957, type: 2}
  - {fileID: 2100000, guid: 20f3cc6eacbaf5c4e8302a1072899416, type: 2}
  m_SubsetIndices: 
  m_StaticBatchRoot: {fileID: 0}
  m_UseLightProbes: 0
  m_LightProbeAnchor: {fileID: 0}
  m_ScaleInLightmap: 1
  m_SortingLayerID: 0
  m_SortingOrder: 0
--- !u!23 &2340892
Renderer:
  m_ObjectHideFlags: 1
  m_PrefabParentObject: {fileID: 0}
  m_PrefabInternal: {fileID: 100100000}
  m_GameObject: {fileID: 140892}
  m_Enabled: 0
  m_CastShadows: 1
  m_ReceiveShadows: 1
  m_LightmapIndex: 255
  m_LightmapTilingOffset: {x: 1, y: 1, z: 0, w: 0}
  m_Materials:
  - {fileID: 2100000, guid: df281bf6419fe724abce287d621f5957, type: 2}
  - {fileID: 2100000, guid: 20f3cc6eacbaf5c4e8302a1072899416, type: 2}
  m_SubsetIndices: 
  m_StaticBatchRoot: {fileID: 0}
  m_UseLightProbes: 0
  m_LightProbeAnchor: {fileID: 0}
  m_ScaleInLightmap: 1
  m_SortingLayerID: 0
  m_SortingOrder: 0
--- !u!23 &2340894
Renderer:
  m_ObjectHideFlags: 1
  m_PrefabParentObject: {fileID: 0}
  m_PrefabInternal: {fileID: 100100000}
  m_GameObject: {fileID: 140894}
  m_Enabled: 0
  m_CastShadows: 1
  m_ReceiveShadows: 1
  m_LightmapIndex: 255
  m_LightmapTilingOffset: {x: 1, y: 1, z: 0, w: 0}
  m_Materials:
  - {fileID: 2100000, guid: df281bf6419fe724abce287d621f5957, type: 2}
  - {fileID: 2100000, guid: 20f3cc6eacbaf5c4e8302a1072899416, type: 2}
  m_SubsetIndices: 
  m_StaticBatchRoot: {fileID: 0}
  m_UseLightProbes: 0
  m_LightProbeAnchor: {fileID: 0}
  m_ScaleInLightmap: 1
  m_SortingLayerID: 0
  m_SortingOrder: 0
--- !u!33 &3340888
MeshFilter:
  m_ObjectHideFlags: 1
  m_PrefabParentObject: {fileID: 0}
  m_PrefabInternal: {fileID: 100100000}
  m_GameObject: {fileID: 140888}
  m_Mesh: {fileID: 4300000, guid: 462d3bcadf436e44d8609d5c08897f2c, type: 3}
--- !u!33 &3340890
MeshFilter:
  m_ObjectHideFlags: 1
  m_PrefabParentObject: {fileID: 0}
  m_PrefabInternal: {fileID: 100100000}
  m_GameObject: {fileID: 140890}
  m_Mesh: {fileID: 4300002, guid: 462d3bcadf436e44d8609d5c08897f2c, type: 3}
--- !u!33 &3340892
MeshFilter:
  m_ObjectHideFlags: 1
  m_PrefabParentObject: {fileID: 0}
  m_PrefabInternal: {fileID: 100100000}
  m_GameObject: {fileID: 140892}
  m_Mesh: {fileID: 4300004, guid: 462d3bcadf436e44d8609d5c08897f2c, type: 3}
--- !u!33 &3340894
MeshFilter:
  m_ObjectHideFlags: 1
  m_PrefabParentObject: {fileID: 0}
  m_PrefabInternal: {fileID: 100100000}
  m_GameObject: {fileID: 140894}
  m_Mesh: {fileID: 4300006, guid: 462d3bcadf436e44d8609d5c08897f2c, type: 3}
--- !u!64 &6400000
MeshCollider:
  m_ObjectHideFlags: 1
  m_PrefabParentObject: {fileID: 0}
  m_PrefabInternal: {fileID: 100100000}
  m_GameObject: {fileID: 100008}
  m_Material: {fileID: 0}
  m_IsTrigger: 0
  m_Enabled: 1
  serializedVersion: 2
  m_SmoothSphereCollisions: 0
  m_Convex: 1
  m_Mesh: {fileID: 4300100, guid: c2aac31aec966644aaafaec5b09e9b02, type: 3}
--- !u!1001 &100100000
Prefab:
  m_ObjectHideFlags: 1
  serializedVersion: 2
  m_Modification:
    m_TransformParent: {fileID: 0}
    m_Modifications: []
    m_RemovedComponents: []
  m_ParentPrefab: {fileID: 0}
  m_RootGameObject: {fileID: 100008}
  m_IsPrefabParent: 1
  m_IsExploded: 1
